% This file was created with JabRef 2.6.
% Encoding: UTF-8

@article{excoffier2005arlequin,
	title={Arlequin (version 3.0): an integrated software package for population genetics data analysis},
	author={Excoffier, Laurent and Laval, Guillaume and Schneider, Stefan},
	journal={Evolutionary bioinformatics online},
	volume={1},
	pages={47},
	year={2005},
	publisher={Libertas Academica}
}

@article{bouckaert2014beast,
	title={BEAST 2: a software platform for Bayesian evolutionary analysis},
	author={Bouckaert, Remco and Heled, Joseph and K{\"u}hnert, Denise and Vaughan, Tim and Wu, Chieh-Hsi and Xie, Dong and Suchard, Marc A and Rambaut, Andrew and Drummond, Alexei J},
	journal={PLoS computational biology},
	volume={10},
	number={4},
	pages={e1003537},
	year={2014},
	publisher={Public Library of Science}
}

@article{10002015global,
	title={A global reference for human genetic variation},
	author={1000 Genomes Project Consortium and others},
	journal={Nature},
	volume={526},
	number={7571},
	pages={68},
	year={2015},
	publisher={NIH Public Access}
}

