@article{excoffier2010arlequin,
  title={Arlequin suite ver 3.5: a new series of programs to perform population genetics analyses under Linux and Windows},
  author={Excoffier, Laurent and Lischer, Heidi EL},
  journal={Molecular ecology resources},
  volume={10},
  number={3},
  pages={564--567},
  year={2010},
  publisher={Wiley Online Library}
}


@article{weissensteiner2016haplogrep,
	title={HaploGrep 2: mitochondrial haplogroup classification in the era of high-throughput sequencing},
	author={Weissensteiner, Hansi and Pacher, Dominic and Kloss-Brandst{\"a}tter, Anita and Forer, Lukas and Specht, G{\"u}nther and Bandelt, Hans-J{\"u}rgen and Kronenberg, Florian and Salas, Antonio and Sch{\"o}nherr, Sebastian},
	journal={Nucleic acids research},
	pages={gkw233},
	year={2016},
	publisher={Oxford Univ Press}
}
